%%%%%%%%%%%%%%%%%%%%%%%%%%%%%%%%%%%%%%%%%%%%%%%%%%%%%%%%%%%%%%%%%%%%%%%%%%%%%%

%Referencias

%Propuesta de una Arquitectura IoT para el control domótico e inmótico de edificaciones
@article{propuestaArquitecturaIot,
  title={Propuesta de una Arquitectura IoT para el control dom{\'o}tico e inm{\'o}tico de edificaciones},
  author={Rojas, Cristian Alejandro T and Chanch{\'\i}, Gabriel El{\'\i}as G and Villalba, Katerine M{\'a}rceles},
  journal={Revista Ib{\'e}rica de Sistemas e Tecnologias de Informa{\c{c}}{\~a}o},
  number={E27},
  pages={28--40},
  year={2020},
  publisher={Associa{\c{c}}{\~a}o Ib{\'e}rica de Sistemas e Tecnologias de Informacao}
}

%Solucion para la digitalizacion de museos y espacios de exposiciones mediante Iot
@mastersthesis{exposicioIot,
  title={Soluci{\'o}n para la digitalizaci{\'o}n de museos y espacios de exposiciones mediante IOT},
  author={Ar{\'e}valo Planelles, Gonzalo},
  type={{B.S.} thesis},
  year={2018}
}

%Domótica del Museo Interactivo de Sala Limpia
@mastersthesis{museoInterSalaLimpia, 
  title={Dom{\'o}tica del Museo Interactivo de Sala Limpia},
  author={Corzo Vargas, Oscar Gabriel and others},
  type={{B.S.} thesis},
  year={2019},
  school={Uniandes}
}

%Lite NB-Iot Simulator for Uplink Layer
@INPROCEEDINGS{IotSimulator,
  author={Zuloaga Mellino, Juan A. and Luján, Emmanuel and Otero, Alejandro D. and Mocskos, Esteban E. and Vega, Leonardo Rey and Galarza, Cecilia G.},
  booktitle={2019 XVIII Workshop on Information Processing and Control (RPIC)}, 
  title={Lite NB-IoT Simulator for Uplink Layer}, 
  year={2019},
  volume={},
  number={},
  pages={286-291},
  doi={10.1109/RPIC.2019.8882144}
}

%Arquitectura IoT para la identificación de personas en entornos educativos
@article{arquitecturaEnteduc,
  title={Arquitectura IoT para la identificaci{\'o}n de personas en entornos educativos},
  author={Agudelo, Darly Mildred Delgado and Timan{\'a}, Diego Fernando Gir{\'o}n and Golondrino, Gabriel El{\'\i}as Chanch{\'\i} and Villalba, Katerine M{\'a}rceles},
  journal={Revista Ib{\'e}rica de Sistemas e Tecnologias de Informa{\c{c}}{\~a}o},
  number={E17},
  pages={841--853},
  year={2019},
  publisher={Associa{\c{c}}{\~a}o Ib{\'e}rica de Sistemas e Tecnologias de Informacao}
}

%Análisis sistematico de la seguridad en internet of things
@inproceedings{seguridadIot,
  title={An{\'a}lisis sistematico de la seguridad en internet of things},
  author={Perez, Norma Beatriz and Bustos, Miguel Alfredo and Ber{\'o}n, Mario and Rangel Henriques, Pedro},
  booktitle={XX Workshop de Investigadores en Ciencias de la Computaci{\'o}n (WICC 2018, Universidad Nacional del Nordeste).},
  year={2018}
}

%Propuesta de arquitectura para Internet de las Cosas
@phdthesis{propuestaIot,
  title={Propuesta de arquitectura para Internet de las Cosas},
  author={Machado, David Ben{\'\i}tez and Calder{\'o}n, Caridad An{\'\i}as and Moreno, Lieter Plasencia},
  year={2016},
  school={Tesis de grado, Instituto Superior Polit{\'e}cnico Jos{\'e} Antonio Echeverr{\'\i}a, La~…}
}

%Sistema IoT para la monitorización y análisis de niveles de ruido
@article{analisisDeruido,
  title={Sistema IoT para la monitorizaci{\'o}n y an{\'a}lisis de niveles de ruido},
  author={CHANCH{\'I}, Gabriel E and OSPINA, Manuel A and SABA, Manuel},
  journal={Revista Espacios},
  volume={41},
  number={50},
  pages={39--50},
  year={2020}
}

%Los museos en la conquista del espacio virtual en tiempos de re-contextualizaciones//Museums in the conquest of virtual space in times of re-contextualization
@article{museosConqespacioVirtual,
  title={Los museos en la conquista del espacio virtual en tiempos de re-contextualizaciones//Museums in the conquest of virtual space in times of re-contextualization},
  author={G{\'o}mez, Marbelys Giraudy},
  journal={Revista Cubana de Informaci{\'o}n y Comunicaci{\'o}n},
  volume={10},
  number={25},
  pages={387--391},
  year={2021}
}

%Aplicación móvil con realidad aumentada y virtual para guiar a los turistas en museos
@article{appMovilrealidadAumt,
  title={Aplicaci{\'o}n m{\'o}vil con realidad aumentada y virtual para guiar a los turistas en museos},
  author={Alvarez Cabrera, Luis Arturo and Salinas Huam{\'a}n, Eliot Mijael},
  year={2019},
  publisher={Universidad C{\'e}sar Vallejo}
}

%Museo de Maloka
@article{maloka,
  title={Condiciones que posibilitan el acceso a un museo de ciencias: an{\'a}lisis del caso Maloka (Conditions that Make Possible the Access to a Science Museum: Case Study of Maloka Science Center)},
  author={Pinz{\'o}n Ortega, Ana Sof{\'\i}a and Franco Avellaneda, Manuel and Falla, Sigrid},
  journal={Trilog{\'\i}a Ciencia Tecnolog{\'\i}a Sociedad},
  volume={7},
  number={12},
  year={2015}
}

%Museo Lecce, Italia (IEEE)
@ARTICLE{museoItalia,
  author={Alletto, Stefano and Cucchiara, Rita and Del Fiore, Giuseppe and Mainetti, Luca and Mighali, Vincenzo and Patrono, Luigi and Serra, Giuseppe},
  journal={IEEE Internet of Things Journal}, 
  title={An Indoor Location-Aware System for an IoT-Based Smart Museum}, 
  year={2016},
  volume={3},
  number={2},
  pages={244-253},
  doi={10.1109/JIOT.2015.2506258}
}

%Proyecto de Iot para contro de las piezas
@INPROCEEDINGS{proyectoIotdispositivoPortatil,
  author={Sornalatha, K. and Kavitha, V. R.},
  booktitle={2017 Third International Conference on Advances in Electrical, Electronics, Information, Communication and Bio-Informatics (AEEICB)}, 
  title={IoT based smart museum using Bluetooth Low Energy}, 
  year={2017},
  volume={},
  number={},
  pages={520-523},
  doi={10.1109/AEEICB.2017.7972368}
}

%Proyecto conservación componentes de museos Ultra Low Power
@INPROCEEDINGS{ultraLowPowerConservacion,
  author={Al-Habal, Awab and Khattab, Ahmed},
  booktitle={2019 31st International Conference on Microelectronics (ICM)}, 
  title={Ultra-Low Power Layered IoT Platform for Museum Content Conservation}, 
  year={2019},
  volume={},
  number={},
  pages={86-89},
  doi={10.1109/ICM48031.2019.9021866}
}

%Escuelas de China, sistema de seguridad por RFID
@ARTICLE{chinaSistemaSeguridadRFID,
  author={Liu, Zeliang and Wang, Min and Qi, Shikai and Yang, Changchun},
  journal={IEEE Access}, 
  title={Study on the Anti-Theft Technology of Museum Cultural Relics Based on Internet of Things}, 
  year={2019},
  volume={7},
  number={},
  pages={111387-111395},
  doi={10.1109/ACCESS.2019.2933236}
}

%Monumento de San Domenico Maggiore
@INPROCEEDINGS{monumentoSanDomenico,
  author={Chianese, Angelo and Piccialli, Francesco and Jung, Jay E.},
  booktitle={2016 12th International Conference on Signal-Image Technology   Internet-Based Systems (SITIS)}, 
  title={The Internet of Cultural Things: Towards a Smart Cultural Heritage}, 
  year={2016},
  volume={},
  number={},
  pages={493-496},
  doi={10.1109/SITIS.2016.83}
}

%Museo del Palacio Nacional
@INPROCEEDINGS{museoPalacioNacional,
  author={Lien, Yao-Nan},
  booktitle={2015 3rd International Conference on Future Internet of Things and Cloud}, 
  title={Mobile Edutainment System -- National Palace Museum as an Example}, 
  year={2015},
  volume={},
  number={},
  pages={597-601},
  doi={10.1109/FiCloud.2015.91}
}

%El Museo Virtual del Patrimonio Industrial Cubano como dinamizador de la cultura colectiva
@article{museoVirtual,
  title={El Museo Virtual del Patrimonio Industrial Cubano ({\^I} CUBA) como dinamizador de la cultura colectiva},
  author={Escuela, Daily Y Borroto and Brito, Ismel and Escuela, Isabel and Ortiz, Yanet Hern{\'a}ndez and Garc{\'\i}a, Emilio},
  journal={Revista Caribe{\~n}a de Ciencias Sociales},
  number={2017\_02},
  year={2017},
  publisher={Servicios Acad{\'e}micos Intercontinentales SL}
}

%La Oficina del Historiador de La Habana al rescate del patrimonio bibliográfico
@article{oficinaHistoriadorRescatepatrimonio,
  title={La Oficina del Historiador de La Habana al rescate del patrimonio bibliogr{\'a}fico},
  author={Quintero, Grisel Terr{\'o}n},
  journal={Apuntes. Revista de estudios sobre patrimonio cultural},
  volume={28},
  number={2},
  year={2015}
}

%La potencialidad de un proyecto museológico vanguardista en Cuba: el centro de interpretación del Palacio del Segundo Cabo
@article{potencialidadProyectoMuseologico,
  title={La potencialidad de un proyecto museol{\'o}gico vanguardista en Cuba: el centro de interpretaci{\'o}n del Palacio del Segundo Cabo},
  author={Vald{\'e}s, Yenny Hern{\'a}ndez},
  journal={RdM. Revista de Museolog{\'\i}a: Publicaci{\'o}n cient{\'\i}fica al servicio de la comunidad museol{\'o}gica},
  number={78},
  pages={44--54},
  year={2020},
  publisher={Asociaci{\'o}n Espa{\~n}ola de Muse{\'o}logos}
}

%INTERNET OF THINGS: LA REVOLUCIÓN DEFINITIVA DEL ARTE, EL OCIO Y LA CULTURA EN EL SIGLO XXI
@article{revolucionDefinitiva,
  title={Internet of things: la revoluci{\'o}n definitiva del arte, el ocio y la cultura en el siglo XXI},
  author={Diezma, P},
  journal={Anuario AC/E},
  volume={4},
  pages={79--95},
  year={2017}
}

Internet of things CISCO
@article{internetOfThingsCISCO,
  title={Internet de las cosas},
  author={Evans, Dave},
  journal={C{\'o}mo la pr{\'o}xima evoluci{\'o}n de Internet lo cambia todo. Cisco Internet Bussiness Solutions Group-IBSG},
  volume={11},
  number={1},
  pages={4--11},
  year={2011}
}

%internet de las cosas Ramón Parra
@article{internetOfThingsRamonParra,
  title={Internet de las cosas},
  author={Salazar, Jordi and Silvestre, Santiago},
  journal={Techpedia. {\v{C}}esk{\'e} vysok{\'e} u{\v{c}}en{\'\i} technick{\'e} v Praze Fakulta elektrotechnick{\'a}},
  year={2016}
}

%Las redes de sensores inalámbricos y el Internet de las cosas
@article{redesSensoresinalambricos,
  title={Las redes de sensores inal{\'a}mbricos y el internet de las cosas},
  author={Cama-Pinto, Alejandro and De la Hoz, Emiro and Cama-Pinto, Dora},
  journal={Inge Cuc},
  year={2012},
  publisher={Corporaci{\'o}n Universidad de la Costa}
}

%Introducción al internet de las cosas 
@article{lovelle2015introduccion,
  title={Introducci{\'o}n al Internet de las Cosas},
  author={Lovelle, Juan Manuel Cueva and Molano, Jose Ignacio Rodriguez and Marin, Carlos Enrique Montenegro and others},
  journal={Redes de Ingenier{\'\i}a},
  volume={6},
  year={2015}
}

%¿Un mundo nuevo? Realidad virtual, realidad aumentada, inteligencia artificial, humanidad mejorada, Internet de las cosas
@article{mundoNuevoRVRAumentada,
  title={?` Un mundo nuevo? Realidad virtual, realidad aumentada, inteligencia artificial, humanidad mejorada, Internet de las cosas},
  author={Guti{\'e}rrez, Antonio Manuel Liz},
  journal={arbor},
  volume={196},
  number={797},
  pages={a572--a572},
  year={2020}
}

%Internet de las cosas e Interfaces de Usuario
@misc{internetInterfasesUsuario,
  title={Internet de las cosas e Interfaces de Usuario},
  author={San Jos{\'e}, Jos{\'e} Iv{\'a}n and Pastor, Jos{\'e} Manuel},
  year={2015}
}
%Evolución IoT
@article{evolucionIoT,
  author          = {Dave Evans},
  title           = {How the Next Evolution of the Internet Is Changing Everything.},
  volume          = {Cisco Internet of Things White Paper},
  year            = {2012},
}

%Cuales son las arquitecturas y componentes de una res IoT
@article{arquitecturaPaginaLuisGarcia,
  author          = {Luis García},
  title           = {Cu\'ales son las arquitecturas y componentes de una red IoT},
  year            = {2020}
}

%Cuales son las arquitecturas y componentes de una res IoT
@article{arquitecturaIEEE,
  author          = {L. Hou, S. Zhao, X. Xiong & others},
  journal         = {IEEE Communications Magazine},
  number          = {54},
  title           = {Internet of Things Cloud: Architecture and Implementation},
  volume          = {},
  year            = {2016},
  doi             = {10.1109/MCOM.2016.1600398CM}
}


%Internet of Things: A Research Oriented Introductory
@article{internetofThing,
  author          = {Sam Pradeep Raj},
  journal         = {International Journal of Ad Hoc and Ubiquitous Computing.},
  number          = {29},
  title           = {Internet of Things: A Research Oriented Introductory},
  year            = {2018}
}

%Capas de IoT que debes conocer
@article{capasIoTciberseguridad,
  author          = {Ciberseguridad},
  journal         = {Noticias de ciberseguridad, ciberataques, vulnerabilidades informáticas},
  title           = {Capas de IoT que debes conocer},
  year            = {2022}
}

%Internet of things: State of the art, Computing Paradigs
@article{internetOfThingsStateOfTheArt,
  author          = {B. Mazon, A. Pan Olivo},
  journal         = {IEEE Latin America Transactions},
  number          = {No.1},
  title           = {Internet ofThings: State-of-the-art, Computing Paradigms and Reference Architectures},
  volume          = {Vol. 20},
  year            = {2022},
  doi             = {10.1109/TLA.2022.9662173}
}
%IoT Elements, Layered Architectures and Security Issues: A Comprehensive Survey

